@Book{reflist,
author     = {surname, initials and surname, initials and surname, initials},
year        ={2013},
title          ={title of the book},
edition    ={22},
publisher = {Addison-Wesley},
address={hollywood},
}

@Book{adam,
author     = {Adams, R. A. and Essex, C.},
year        ={2013},
title          ={Calculus A Complete Course},
edition    ={7},
publisher = {Pearson Canada},
address={Toronto},
}

@Book{operating_systems_concepts_ed9,
author     = {Silberschatz, A. and Galvin, P. B. and Gagne, G.},
year        ={2012},
title          ={Operating Systems Concepts},
edition    ={9},
publisher = {Wiley},
address={},
}

@Book{operating_systems_concepts_ed8,
author     = {Silberschatz, A. and Galvin, P. B. and Gagne, G.},
year        ={2008},
title          ={Operating Systems Concepts},
edition    ={8},
publisher = {Wiley},
address={},
}

@Book{pedroni_VHDL,
author     = {Pedroni, V. A.},
year        ={2010},
title          ={Circuit Design and Simulation with VHDL},
edition    ={2},
publisher = {Massachusetts Institute of Technology ER EN SMULE ISUKKER PÃ… DENNE}, 
address={London, England},
}

@Book{reg_modern_control_systems,
author     = {Dorf, R. C. and Bishop, R. H.},
year        ={2010},
title          ={Modern Control Systems},
edition    ={12},
publisher = {Pearson Education},
address={New Jersey},
}

@Book{dsp,
author     = {Tan, Li and Jiang, Jean},
year        ={2013},
title          ={Digital Signal Processing},
edition    ={2},
publisher = {Elsevier},
address={Oxford, England},
}


@Book{fund_of_physics,
author     = {Halliday, D. and Resnick, R. and Walker, J.},
year        ={2011},
title          ={Fundamentals of Physics Extended},
edition    ={9},
publisher = {John Wiley \& Sons, Inc},
address={Cleveland},
}

@Book{elehandbook,
author	={Irwin, J. David},
year		={1997},
title		={The Industrial Electronics Handbook},
publisher={Taylor \& Francis},
address	={USA},
}


@ONLINE{alu_profil_desitet,
author = {{Bosch Rexroth Cooperation}},
title = {Basic Mechanic Elements 13.0 Catalog},
month = feb,
year = {2013},
url = {http://www.boschrexroth.com/country_units/america/united_states/sub_websites/brus_dcl/Products/Aluminum_Structural_Framing/a_catalog/mge_catalog_download/3842540392_2013_02_EN_MGE13.pdf}
}


@ONLINE{ES_regler,
author = {ISSF},
title = {Official Statutes Rules and Regulations, Edition 2013},
month = jan,
year = {2014},
url = {http://www.issf-sports.org/documents/rules/2013/ISSFRuleBook2013-2ndPrint-ENG.zip}
}

@ONLINE{gear_inerti,
author = {{Engineers Edge}},
title = {Gear Drive Motor Moment of Inertia Equation},
year = {2014},
url = {http://www.engineersedge.com/motors/gear_drive_system.htm}
}


@ONLINE{freertos.org,
author = {{Real Time Engineers Ltd.}},
title = {FreeRTOS\textregistered},
year = {2013},
url = {http://www.freertos.org}
}

@ONLINE{www.coocox.com/CoOS.htm,
author = {CooCox},
title = {CooCox CoOS},
year = {2011},
url = {http://www.coocox.com/CoOS.htm}
}

@ONLINE{Hearingrange,
author = {Wikipedia},
title = {Hearing range},
year = {2014},
url = {http://en.wikipedia.org/w/index.php?title=Hearing_range&oldid=608047392}
}




@ONLINE{emgmotor,
author = {{Robot Electronics UK}},
title = {EMG30, mounting bracket and wheel specification},
year = {2014},
url = {http://www.robot-electronics.co.uk/htm/emg30.htm}
}


@ONLINE{lm3s6965,
author = {{Texas Instruments}},
title = {LM3S6965 Datasheet},
month = {jun},
year = {2012},
url = {http://www.ti.com/lit/ds/symlink/lm3s6965.pdf}
}

@ONLINE{DCmotormodel,
author = {J. Borenstein, and H. R. Everett, and L. Feng},
title = {Where am I? Sensors and Methods for Mobile Robot Positioning},
year = {1996},
url = {http://www-personal.umich.edu/~johannb/Papers/pos96rep.pdf}
}

@ONLINE{litteraturdcmodel,
author = {Zaccarian, L.},
title = {DC motors: dynamic model and control techniques},
year = {2012},
url = {http://control.disp.uniroma2.it/zack/LabRob/DCmotors.pdf}
}



@ONLINE{patternandchoke,
author = {Wikipedia},
title = {Shotgun},
year = {2014},
url = {http://en.wikipedia.org/w/index.php?title=Shotgun&oldid=608802310}
}


@ONLINE{basys2,
author = {{Digilent Inc.}},
title = {Digilent Basys2 Board Reference Manual},
year = {2010},
url = {http://www.digilentinc.com/Data/Products/BASYS2/Basys2_rm.pdf}
}